@incollection{ryzin2012,
  title={Models of demand},
  author={van Ryzin, Garrett J.},
  booktitle={The Oxford handbook of pricing management},
  year={2012},
  publisher={Oxford University Press},
  editor={{\"O}zer, {\"O}zalp and Phillips, Robert}
}

@article{das1998normal,
  title={Normal-boundary intersection: A new method for generating the Pareto surface in nonlinear multicriteria optimization problems},
  author={Das, Indraneel and Dennis, John E},
  journal={SIAM Journal on Optimization},
  volume={8},
  number={3},
  pages={631--657},
  year={1998},
  publisher={SIAM}
}

@article{rockafellar2007coherent,
  title={Coherent approaches to risk in optimization under uncertainty},
  author={Rockafellar, R Tyrrell},
  journal={Tutorials in operations research},
  volume={3},
  pages={38--61},
  year={2007},
  publisher={Institute for Operations Research and the Management Sciences, INFORMS}
}

@article{gonzalez2015glasses,
  title={{GLASSES}: {Relieving} The Myopia Of {Bayesian} Optimisation},
  author={Gonz{\'a}lez, Javier and Osborne, Michael and Lawrence, Neil D},
  journal={arXiv preprint arXiv:1510.06299},
  year={2015}
}

@book{powell2007approximate,
  title={Approximate Dynamic Programming: Solving the curses of dimensionality},
  author={Powell, Warren B.},
  year=2007,
  publisher={John Wiley \& Sons}
}
        
